% This file was created with JabRef 2.10.
% Encoding: Cp1252


@Electronic{bli,
  Title                    = {Blinker},

  Address                  = {http://www.conwaylife.com/wiki/Blinker},
  Author                   = {LifeWiki},
  Month                    = {November},
  Organization             = {LifeWiki},
  Year                     = {2015},

  Owner                    = {Jotun},
  Timestamp                = {2015.11.09}
}

@Electronic{ggg,
  Title                    = {Gosper glider gun},
  Author                   = {LifeWiki},
  Month                    = {November},
  Organization             = {LifeWiki},
  Year                     = {2015},

  Owner                    = {Jotun},
  Timestamp                = {2015.11.09}
}

@Electronic{gld,
  Title                    = {Glider},

  Address                  = {http://www.conwaylife.com/wiki/Glider},
  Author                   = {LifeWiki},
  Month                    = {November},
  Organization             = {LifeWiki},
  Year                     = {2015},

  Owner                    = {Jotun},
  Timestamp                = {2015.11.09}
}

@Electronic{LifeWiki2015,
  Title                    = {HighLife},

  Address                  = {http://www.conwaylife.com/wiki/HighLife},
  Author                   = {LifeWiki},
  Language                 = {English},
  Month                    = {November},
  Organization             = {LifeWiki},
  Year                     = {2015},

  Owner                    = {Jotun},
  Timestamp                = {2015.11.09}
}

@Electronic{LifeWikiConway,
  Title                    = {Conway's Game of Life},

  Address                  = {http://www.conwaylife.com/wiki/Conway's_Game_of_Life},
  Author                   = {LifeWiki},
  Language                 = {English},
  Month                    = {November},
  Organization             = {LifeWiki},
  Year                     = {2015},

  Owner                    = {Nikola},
  Timestamp                = {2015.11.09}
}

@Electronic{lwss,
  Title                    = {Lightweight Spaceship},

  Address                  = {http://www.conwaylife.com/wiki/Lightweight_spaceship},
  Author                   = {LifeWiki},
  Month                    = {November},
  Organization             = {LifeWiki},
  Year                     = {2015},

  Owner                    = {Jotun},
  Timestamp                = {2015.11.09}
}

@Electronic{pul,
  Title                    = {Pulsar},

  Address                  = {http://www.conwaylife.com/wiki/Pulsar},
  Author                   = {LifeWiki},
  Month                    = {November},
  Organization             = {LifeWiki},
  Year                     = {2015},

  Owner                    = {Jotun},
  Timestamp                = {2015.11.09}
}

@Electronic{sps,
  Title                    = {Spaceship},

  Address                  = {http://www.conwaylife.com/wiki/Spaceship},
  Author                   = {LifeWiki},
  Month                    = {November},
  Organization             = {LifeWiki},
  Year                     = {2015},

  Owner                    = {Jotun},
  Timestamp                = {2015.11.09}
}

@Electronic{toad,
  Title                    = {Toad},

  Address                  = {http://www.conwaylife.com/wiki/Toad},
  Author                   = {LifeWiki},
  Month                    = {November},
  Organization             = {LifeWiki},
  Year                     = {2015},

  Owner                    = {Jotun},
  Timestamp                = {2015.11.09}
}

@Electronic{cgolwp,
  Title                    = {Conway's Game of Life},

  Address                  = {https://en.wikipedia.org/wiki/Conway's_Game_of_Life},
  Author                   = {Wikipedia},
  Month                    = {November},
  Organization             = {Wikimedia Foundation},
  Year                     = {2015},

  Owner                    = {Jotun},
  Timestamp                = {2015.11.09}
}

